2925 4884
638 263 782 347 124
960 250 2267 348 ,ARGVMENTVM

631 460 949 533 perterret
988 445 1237 510 -282
1363 442 1674 510 Thoantis
1720 439 2019 521 consilio,
2062 441 2145 508 ab
2189 440 2587 532 insequendo
2625 443 2746 506 ho·

635 551 726 620 sse
778 551 1161 635 colliguntur
1201 545 1427 612 Achiui
1475 553 1543 610 in
1591 567 1781 608 vnum
1837 546 2099 640 globum
2159 569 2199 610 a
2258 564 2441 634 tergo
2503 552 2748 630 princi.

635 678 792 742 pum
813 700 836 731 ‚
900 657 1011 738 qui
1043 650 1303 714 obiectis
1348 648 1720 732 corporibus
1748 651 2062 713 Troianos
2090 656 2400 716 irruentes
2440 650 2748 718 sustinent

636 759 869 825 -305
921 757 1175 820 tandem
1234 758 1556 838 perterriti
1614 751 1842 817 Achiui
1903 752 2294 820 manifestam
2357 757 2579 842 fugam
2639 777 2750 818 ca-

636 867 857 945 piunt,
921 858 1218 941 Apolline
1281 855 1588 920 terrorem
1652 862 1974 924 inficiente
2013 862 2265 942 —327.
2366 859 2750 921 Caeduntur

636 966 817 1030 multi
868 985 944 1026 ex
990 961 1279 1035 Achiuis,
1322 965 1551 1042 —342
1605 967 1714 1046 qui
1753 966 1919 1025 intra
1976 962 2210 1024 vallum
2261 963 2323 1026 se
2378 968 2746 1047 recipiunt3

636 1070 902 1132 Troiani
948 1065 1114 1130 vallo
1162 1080 1357 1147 rupto
1410 1079 1475 1127 et
1534 1063 1687 1126 foss'a
1746 1065 2058 1148 completa
2116 1064 2531 1149 insequuntur
2591 1073 2747 1132 viris

637 1178 985 1257 equisque:
1022 1168 1090 1236 fit
1133 1190 1349 1255 pugna
1397 1167 1571 1250 apud
1609 1189 1806 1233 naues
1855 1206 1931 1221 -
1956 1172 2104 1251 389.
2144 1172 2241 1233 Re
2284 1175 2411 1233 iam
2453 1170 2539 1233 ad
2575 1169 2746 1232 sum,-

636 1297 814 1337 mum
861 1275 1199 1340 discrimen
1243 1272 1514 1334 adducta
1561 1272 1883 1334 Patroclus
1919 1278 2016 1354 „in
2070 1275 2354 1337 curando
2402 1274 2743 1360 Eurypylo

640 1377 852 1440 adhuc
896 1393 1177 1439 moratus
1217 1375 1301 1437 ad
1344 1375 1650 1437 Achillem
1697 1397 1971 1460 propere
2023 1376 2190 1439 redit
2230 1381 2480 1458 -405.
2567 1382 2748 1446 Ante

640 1502 845 1547 naues
891 1478 1203 1546 obiiciunt
1248 1477 1308 1541 se
1351 1478 1577 1540 Achiui
1618 1481 1907 1540 Troianis
1921 1524 1943 1555 ,
1984 1483 2140 1542 Aiax
2183 1483 2444 1547 Hectori
2479 1484 2747 1561 ‘’4¹3-

637 1588 793 1652 Aiax
869 1583 1261 1659 Caletorem,
1333 1584 1573 1644 Hector
1630 1582 2116 1669 Lycophronem
2174 1584 2452 1656 caedunt
2501 1588 2749 1664 —455

636 1691 842 1753 Aiacis
890 1684 1145 1754 hortatu
1184 1687 1435 1748 Teucer
1480 1682 1692 1771 sagitta
1739 1685 2037 1774 transfigit
2067 1687 2302 1750 Clitum
2327 1693 2553 1770 —457
2588 1709 2748 1756 cum

641 1794 839 1856 altera
902 1795 1039 1852 vice
1098 1810 1317 1853 arcum
1382 1790 1703 1865 tenderet,
1757 1806 1951 1872 rupto
1995 1812 2231 1867 neruo,
2278 1788 2445 1854 hasta
2487 1809 2751 1884 pugnat

641 1896 877 1973 -483
924 1914 1048 1979 qua
1094 1913 1165 1956 re
1204 1891 1535 1977 conspecta
1581 1894 1895 1956 Troianos
1964 1895 2046 1964 ad
2102 1915 2382 1986 pugnam
2444 1895 2753 1958 accendit

638 1999 884 2066 Hector
923 1999 1153 2061 -500
1194 2017 1316 2059 nec
1364 2000 1570 2060 minua
1634 1995 1830 2061 altera
1892 2018 1969 2061 ex
2013 2013 2197 2080 parte
2255 2003 2412 2063 Aiax
2460 1997 2602 2070 suoa
2656 2032 2753 2049 --

649 2107 802 2182 614.
885 2103 1071 2163 Fiunt
1123 2101 1349 2162 caedes
1395 2115 1461 2162 et
1496 2105 1699 2162 mutui
1742 2098 2044 2167 hortatus.
2173 2100 2395 2168 Achiui
2441 2118 2590 2164 ante
2632 2124 2755 2165 na·

640 2227 751 2269 ves
794 2204 1042 2270 fortiter
1089 2205 1343 2266 ordines
1383 2201 1639 2265 seruant
1677 2207 1905 2287 -567
1951 2204 2323 2289 Melanippo
2369 2204 2449 2267 ab
2491 2207 2752 2269 Antilo-

638 2308 801 2382 ch0,
840 2312 953 2392 qui
1003 2322 1150 2370 ante
1201 2307 1454 2369 ordines
1500 2305 1905 2390 profiluerat,
1962 2307 2175 2386 caeso,
2233 2311 2470 2392 Hector
2528 2311 2750 2374 multo

640 2417 839 2502 :magis
883 2408 1272 2492 exasperatus
1312 2410 1708 2495 perfringere
1753 2410 2009 2480 ordines
2055 2419 2392 2488 annititur,
2452 2430 2516 2475 et
2565 2415 2752 2476 Peri-

638 2515 837 2603 pheta
887 2512 1069 2576 caeso
1122 2530 1366 2577 tantum
1418 2528 1730 2577 terrorem
1783 2514 2034 2580 Achiuis
2078 2518 2306 2591 iniicit,
2356 2533 2422 2578 vt
2456 2516 2595 2599 post
2627 2539 2752 2582 na-

638 2641 749 2690 ves
791 2616 852 2680 lb
892 2621 1202 2700 recipiant
1246 2621 1492 2682 -658.
1642 2615 1905 2681 Nestore
1964 2618 2286 2697 hortante,
2346 2636 2409 2682 et
2468 2621 2752 2709 caligine

639 2720 953 2807 dispulsa,
1002 2727 1155 2785 Aiax
1197 2726 1458 2790 nauium
1509 2721 1786 2788 tabulata
1826 2721 2211 2798 conscendit,
2259 2724 2543 2807 aliosque
2592 2723 2753 2786 hor·-

637 2844 841 2902 tatur,
884 2841 954 2892 vt
997 2826 1310 2889 Troianos
1351 2834 1564 2911 ignem
1611 2826 1951 2890 inferentes
1982 2843 2235 2892 arceant
2273 2836 2525 2909 —7040
2568 2828 2752 2898 Tan.

642 2933 795 2998 dem
851 2950 1071 3014 pugna
1136 2927 1503 2991 increbescit
1565 2935 1732 2994 circa
1794 2952 2033 2993 nauem
2117 2927 2436 2994 Protesilai
2449 2974 2473 3009 ,
2543 2952 2751 3019 quarn

639 3039 883 3106 Hector
930 3030 1390 3115 prehenderat,
1433 3036 1589 3096 Aiax
1630 3043 1842 3114 autem
1894 3043 2123 3098 tuetur.
2170 3034 2254 3106 ad
2291 3033 2338 3099 f.

809 3181 1224 3252 Ministerium
1270 3184 1538 3246 deorum
1581 3182 1817 3270 insigne
1861 3184 1986 3249 hoc
2027 3191 2098 3250 in
2145 3185 2312 3250 libro
2354 3183 2479 3263 est,
2520 3191 2750 3270 primo

637 3291 848 3361 Iouis,
897 3293 1008 3370 qui
1050 3292 1121 3350 in
1166 3287 1279 3349 Ida
1328 3285 1800 3372 expergefactus
1840 3285 2109 3378 ſtragem
2162 3293 2589 3356 Troianorum
2643 3292 2751 3354 fa-

636 3411 802 3460 ctam
849 3392 1055 3463 videt,
1103 3391 1365 3453 Iunonis
1413 3390 1738 3475 perfidiam
1799 3392 2120 3486 obiurgat,
2184 3417 2322 3460 eam
2371 3394 2455 3462 ad
2510 3394 2750 3481 Olyuu

632 3513 791 3584 pum
863 3495 1140 3581 relegat,
1200 3493 1516 3557 mandatis
1579 3496 1663 3557 ad
1722 3495 1956 3562 Itidem
2020 3513 2085 3561 et
2127 3499 2486 3580 Apollinem
2532 3497 2746 3580 datis;

630 3605 880 3684 4-—78
921 3595 1200 3680 expostto
1242 3595 1423 3666 fimul
1468 3596 1747 3668 disertius
1795 3599 2053 3664 oonsilio
2113 3597 2261 3678 suo,
2328 3601 2508 3687 quod
2569 3603 2761 3669 Tro-

628 3710 810 3770 ianos
856 3697 1201 3784 superiores
1244 3721 1458 3787 pugna
1509 3701 1630 3765 effe
1677 3702 2003 3768 decretum
2046 3706 2217 3788 apud
2248 3703 2306 3768 se
2353 3701 2585 3782 habet,
2624 3705 2746 3770 do·

628 3829 754 3875 nec
803 3805 1101 3873 Patroclo
1155 3804 1354 3875 occiso
1402 3805 1672 3870 Achilles
1716 3827 1885 3875 arma
1933 3814 2161 3874 iterum
2198 3827 2490 3892 capturus
2532 3807 2602 3871 fit
2654 3813 2740 3878 61

625 3932 836 3994 —77.
924 3909 1120 3982 Iunc,
1171 3905 1279 3971 vbi
1324 3914 1395 3973 in
1442 3911 1792 3996 Olympum
1821 3913 2047 3988 rediit,
2095 3917 2162 3974 in
2204 3909 2416 3976 medio
2459 3910 2746 3977 deorum

630 4019 977 4080 vanitatem
1029 4007 1431 4075 confiliorum
1475 4007 1727 4077 suomm
1774 4016 2065 4079 aduersus
2111 4017 2285 4079 Iouis
2335 4013 2589 4079 decreta
2641 4033 2747 4080 ex.

623 4124 813 4203 ponit
862 4117 1047 4197 -76
1096 4117 1258 4179 facta
1307 4133 1518 4180 autem
1562 4118 1644 4181 ab
1697 4139 1774 4182 ea
1816 4127 2139 4184 mentione
2183 4117 2338 4182 caesi
2383 4119 2744 4204 Ascalaphi‚

628 4239 863 4310 parens
916 4224 1050 4282 eius
1095 4219 1271 4285 Mars
1316 4221 1771 4287 excandescens
1813 4235 2001 4310 aegre
2065 4245 2105 4286 a
2144 4225 2433 4287 Minerua
2478 4239 2744 4289 coerce·
