2925 4884
379 247 1210 325 ARGVMENTVM
1254 249 1528 329 LIBR.
1571 250 1877 330 XXIV.
1914 256 2081 348 (Ω)
2131 254 2286 357 607

191 439 456 510 ferunt,
501 438 682 517 -54
725 437 970 499 Iunone
1008 436 1260 519 quidem
1308 437 1489 497 aliter
1524 433 1848 499 statuente.
1886 445 2093 508 -'.63
2181 445 2283 508 Iu.
2346 426 2353 435 ⁸

183 550 366 628 piter
412 539 589 603 aliud
635 536 962 601 consilium
1007 542 1158 613 init,
1212 556 1276 600 vt
1321 544 1562 602 maiore
1601 562 1743 601 cum
1789 540 2040 606 Achillis
2079 546 2283 632 gloria

183 666 432 728 corpus
475 664 708 727 magno
752 646 958 725 pretio
1008 642 1353 704 redImatur
1418 663 1454 704 a
1515 644 1766 706 Priamo
1810 652 2015 727 -76.
2158 656 2279 713 113.

188 772 325 837 que
391 749 726 809 Thetidem
774 744 854 807 ab
916 745 1082 806 Iride
1141 750 1209 805 in
1263 746 1606 830 Olympum
1669 748 2043 811 aduocatam
2094 752 2275 817 iubet
2331 818 2339 827 ,

181 853 425 945 Achilli
455 849 848 935 persuadere,
891 864 958 909 vt
998 869 1223 929 corpus
1262 847 1715 911 redimentibus
1756 856 2060 927 remman
2100 877 2277 920 man-
2334 832 2343 839 .

181 959 416 1021 datum
465 954 566 1015 illa
632 951 998 1036 exsequitur.
1041 960 1290 1032 ’‘¹42·
1416 954 1529 1014 Iris
1591 970 1629 1014 a
1669 953 1823 1017 Ioue
1865 954 2031 1018 milla
2045 1000 2066 1031 ,
2109 959 2277 1021 Pria·
2332 936 2341 943 ’

177 1084 298 1125 mo
346 1058 621 1121 fimiliter
657 1054 1032 1139 persuadet,
1090 1069 1156 1117 vt
1195 1072 1453 1116 munera
1514 1071 1728 1137 paret,
1787 1034 2015 1141 quibus
2065 1060 2277 1125 Achil·
2332 1134 2339 1143 ⁸

177 1167 320 1229 lem
365 1163 576 1246 placet
624 1179 689 1223 et
729 1180 960 1241 corpus
1000 1157 1271 1219 redimat
1310 1159 1560 1223 -188.
1641 1158 1716 1221 Id
1774 1162 1950 1243 quod
1992 1164 2275 1228 Priamus

182 1270 587 1353 exsequitur,
636 1263 748 1327 etsi
789 1259 1050 1324 Hecuba
1089 1276 1509 1345 repugnante,
1557 1261 1708 1322 dum
1750 1270 1883 1324 eius
1927 1269 2091 1328 vitae
2137 1289 2272 1331 me-

180 1379 354 1447 tuit,
392 1372 642 1448 -237.
761 1367 1103 1436 Troianos,
1150 1368 1263 1446 qui
1308 1379 1730 1437 accurrerant,
1788 1363 2272 1434 stomachabun-

180 1479 304 1540 dus
357 1458 591 1558 abigit,
644 1472 888 1550 -248.
933 1467 1091 1529 filios
1133 1487 1408 1551 currum⁴
1445 1467 1757 1529 adornare
1814 1469 1991 1533 iubet
2024 1477 2272 1539 ——282.

176 1582 501 1646 libatione
545 1575 740 1649 facta,
789 1587 853 1634 et
888 1571 1066 1632 bone
1121 1574 1380 1655 augurio
1441 1569 1694 1647 oblatO,
1752 1590 1895 1633 cum
1954 1596 2275 1657 praecone
2340 1552 2347 1557 ⁶

176 1686 389 1749 Idaeo
451 1685 571 1741 iter
624 1676 971 1761 ingreditur
1008 1676 1253 1738 -331.
1331 1675 1496 1754 (iam
1554 1671 1658 1734 die
1714 1675 2013 1739 inclinato
2068 1701 2127 1742 v.
2185 1681 2274 1746 ad.

178 1789 365 1870 349)
429 1783 594 1844 louis
646 1779 837 1852 iussu,
891 1779 1275 1851 Mercurius,
1333 1782 1580 1837 iuuenis
1634 1773 1835 1858 specie
1893 1778 2148 1845 assumta
2209 1790 2270 1847 ei

182 1890 427 1953 obuius
482 1885 717 1960 sactus,
790 1881 850 1943 se
906 1900 1096 1941 vnum
1151 1900 1188 1941 e
1238 1878 1741 1964 Myrmidonibus
1805 1880 1922 1945 ess‘e
1976 1881 2271 1955 simulans

182 1972 496 2058 comitem
550 1992 610 2049 ei
654 1982 774 2047 esse
820 1982 983 2045 velle
1039 1976 1354 2073 pollicitus
1396 1985 1662 2064 -459,
1712 1983 1886 2047 ducit
1926 1984 2132 2050 senem
2170 1996 2272 2053 in·

179 2115 284 2160 tra
352 2091 607 2156 Achillis
669 2092 1045 2161 tentorium,
1131 2090 1233 2146 cui
1298 2085 1577 2146 Priamus
1631 2078 2135 2169 supplex'sactus
2180 2126 2271 2143 --

176 2205 318 2281 507
365 2194 822 2258 miserationem
865 2203 1112 2262 ntouetg
1153 2178 1403 2252 4551.
1470 2172 1652 2250 ‘Cum
1693 2191 1913 2273 paullo
1949 2194 2272 2261 ardentius

177 2300 485 2374 instaret,
513 2282 597 2358 ‘vt
639 2293 767 2358 fine
814 2314 995 2355 mora
1039 2310 1307 2371 corpore
1370 2289 1453 2352 ad
1498 2291 1988 2385 absportandum
2033 2299 2269 2379 tradito

176 2410 579 2474 dimittatur,
641 2395 1037 2461 exardescens
1101 2393 1370 2458 Achilles
1447 2416 1690 2457 moram
1752 2404 2066 2479 patienter
2102 2402 2272 2464 serre

175 2510 405 2583 iubet,
449 2509 699 2585 -570,
745 2499 870 2583 ipse
942 2502 1221 2561 tentorio
1299 2496 1564 2584 egressus
1621 2520 1885 2563 munera
1941 2501 2024 2564 de
2077 2525 2269 2567 curru

175 2613 455 2684 tollere,
514 2602 742 2688 corpus
785 2607 1069 2665 Hectoris
1113 2562 1329 2663 lauare
1388 2617 1453 2663 et
1498 2601 1697 2664 linteo
1764 2619 1975 2688 tegere
2027 2613 2271 2691 praeci.
2304 2632 2309 2637 ·

173 2715 575 2803 pit—5953
614 2725 748 2771 tum
788 2708 1106 2769 Priamum
1151 2703 1436 2788 hospitali
1479 2727 1676 2768 coena
1715 2712 1971 2789 excipit,
2013 2706 2269 2774 somno-

176 2839 319 2904 que
365 2815 430 2877 se
473 2815 627 2876 dare
669 2829 737 2873 vt
784 2807 1001 2893 poffit,
1047 2809 1329 2883 dimittit,
1371 2809 1497 2870 XII
1541 2808 1784 2870 dierum
1825 2809 2108 2873 inducias
2155 2833 2269 2899 pag
2326 2887 2337 2899 ·

175 2923 440 2989 ciscitur
478 2953 554 2966 -
582 2918 734 2997 676.1
808 2914 1087 2975 Priamus
1145 2932 1185 2974 e
1233 2909 1450 2972 somno
1512 2916 1812 2972 excitatus
1872 2932 1906 2973 a
1948 2914 2264 2993 Mercurio

174 3045 250 3092 et
300 3040 372 3087 vt
411 3021 682 3085 reditum
721 3030 991 3078 maturet
1038 3019 1347 3090 monitus,
1398 3014 1504 3075 die
1566 3029 1708 3076 orto
1764 3018 1833 3075 in
1889 3014 2102 3078 vrbem
2164 3038 2267 3080 re·

172 3125 447 3217 gressus,
514 3141 746 3208 magna
810 3140 953 3181 curn
1013 3121 1293 3180 omnium
1336 3118 1784 3180 lamentatione
1826 3123 2130 3201 excipitur
2178 3155 2270 3173 —-

177 3255 340 3318 7¹7·
432 3229 663 3289 Luctus
706 3226 856 3285 inde
900 3237 966 3284 et
1013 3221 1288 3284 lamenta
1318 3218 1617 3283 sollennia
1648 3219 2071 3297 instituuntur,
2101 3244 2269 3307 quae

171 3341 401 3421 primo
454 3325 930 3403 Andromache,
969 3328 1217 3407 —746.
1288 3340 1422 3386 tum
1489 3323 1747 3386 Hecuba
1787 3328 2040 3405 —760.
2113 3325 2269 3388 inde

173 3438 440 3503 Helena
479 3436 728 3514 —776.
802 3428 1236 3492 exordiuntur.⁴
1353 3429 1632 3488 Priamus
1703 3427 1983 3488 inducias
2052 3444 2270 3510 pactas

27 3562 40 3579 ·
171 3545 480 3613 nuntiat,
516 3536 687 3621 ligna
729 3535 812 3597 ad
863 3554 1092 3619 rogum
1133 3552 1358 3614 parare
1393 3529 1603 3599 iubet:
1675 3549 1906 3611 corpus
1937 3547 2270 3607 crematur,

177 3620 551 3709 celebratur
592 3641 852 3722 epulum
892 3636 1177 3699 funebre.
1304 3634 1399 3696 Ita
1445 3630 1602 3695 iusta
1642 3630 2141 3716 persoluta-sunt
2180 3668 2267 3685 -·-

175 3748 268 3812 ad
314 3746 360 3808 f.
410 3747 562 3823 804.

357 3881 651 3942 Deorum
699 3872 1043 3938 ministerio
1100 3874 1406 3957 pleraque
1449 3868 1576 3934 hoc
1619 3868 1785 3932 libro
1826 3883 2161 3954 geruntur,
2204 3882 2273 3928 vt

179 3982 507 4050 efficiatur
553 3981 662 4056 id,
729 3978 906 4065 quod
964 3976 1107 4040 libri
1160 3986 1598 4063 argumentum
1659 3971 1777 4047 est,
1834 3987 1897 4032 vt
1960 3971 2268 4031 reddatur

174 4091 483 4153 Hectoris
528 4105 759 4167 corpus
803 4089 999 4165 patri,
1048 4098 1111 4144 et
1154 4098 1218 4142 vt
1259 4083 1326 4141 id
1381 4079 1490 4140 fiat
1534 4077 1774 4139 summo
1824 4095 1965 4136 cum
2021 4071 2270 4133 Achillis

176 4191 460 4267 honore.
540 4185 850 4255 Posterius
887 4184 1012 4251 hoc
1054 4185 1322 4250 debetur
1365 4184 1543 4247 Iouis
1583 4178 1845 4243 consiliis
1878 4179 1947 4239 in
1987 4171 2271 4237 Thetidis
