2925 4884
560 229 610 278 2
1033 198 2190 277 ARGVMENTVM

564 407 704 454 ctor
740 410 777 451 a
813 385 1131 472 phalange
1171 387 1488 471 repulsus,
1535 386 1671 451 suos
1718 390 1801 455 ad
1843 395 2003 454 vires
2062 390 2405 453 exerendas
2445 388 2657 453 horta.

565 512 669 557 tur
740 494 1119 572 142-155.
1246 493 1563 556 Meriones
1623 492 1790 555 hasta
1846 499 1913 556 in
1972 493 2380 576 Deiphobum
2438 493 2690 560 frustra·

565 603 851 660 coniecta
913 595 995 655 ad
1052 601 1389 656 tentorium
1468 596 1600 657 abit
1663 595 1893 657 hastam
1968 598 2152 658 aliam
2211 603 2518 680 petiturus
2565 632 2661 649 --

572 706 711 781 169.
815 700 1058 758 Interea
1115 703 1322 759 variae
1369 697 1528 760 fiunt
1587 700 1847 774 caedes,
1906 704 1975 761 in
2035 699 2127 761 his
2182 700 2660 785 Amphimachiz

563 810 815 883 nepotis
856 800 946 861 sui
988 800 1187 861 caede
1233 801 1628 863 exacerbatus
1671 805 2001 886 Neptunus
2047 805 2463 867 Idomeneum
2507 805 2659 880 adit,

564 906 878 970 Thoantis
946 902 1207 983 persona
1280 903 1534 966 assumta
1592 928 1736 966 eum
1783 905 2069 967 hortatur
2114 908 2200 969 ad
2246 909 2664 994 pugnandum

562 1013 815 1091 -239.
943 1007 1322 1068 Idomeneus
1384 1026 1656 1070 armatus
1713 1030 1855 1070 cutn
1909 1012 2200 1074 Metione
2255 1016 2324 1073 in
2378 1033 2661 1096 pugnam

566 1115 772 1188 redit,
815 1127 879 1173 et
921 1110 1179 1192 quidem
1220 1110 1421 1172 versus
1460 1112 1705 1172 laeuam
1755 1149 1824 1161 -
1850 1115 1997 1195 329.
2100 1116 2319 1202 Pugna
2374 1117 2666 1176 recrude-

506 1263 510 1266 <
565 1219 673 1281 scit
722 1218 971 1279 -562.
1058 1212 1437 1274 Idomeneus
1481 1232 1671 1275 necat
1732 1215 2172 1302 Othryoneutn
2217 1221 2467 1283 -382.
2510 1219 2665 1280 inde

565 1319 773 1386 Alium
816 1329 1064 1395 —401.
1193 1315 1570 1399 Deiphobus
1630 1317 1710 1379 ab
1765 1340 1845 1380 eo
1909 1321 2205 1402 aberrans
2277 1317 2445 1383 hasta
2512 1322 2678 1403 ferit,

564 1421 1001 1510 Hypsenorem
1052 1423 1288 1498 -4253.
1418 1420 1795 1513 Idomeneus
1843 1424 2249 1505 Alcathoum3
2302 1427 2451 1487 inde
2494 1425 2663 1486 fero..

567 1534 739 1590 ciens
795 1522 1204 1604 Deiphobum
1264 1521 1541 1603 superbis
1608 1525 1784 1588 dictis
1849 1527 2095 1591 vellicat
2134 1563 2219 1575 —
2250 1532 2399 1608 454.
2468 1550 2662 1612 quem

567 1636 784 1694 Aenea
845 1623 1121 1688 arceffito
1175 1631 1242 1686 in
1300 1627 1361 1688 se
1416 1629 1767 1709 procedere
1823 1631 2094 1706 videns,‘
2132 1632 2470 1693 Merionen
2516 1653 2664 1695 cum

570 1736 704 1799 aliis
753 1732 1056 1803 aduocat,
1094 1714 1337 1809 —438
1423 1731 1558 1791 'Ita
1613 1740 1774 1793 circa
1817 1732 2224 1815 Deiphobum
2272 1750 2336 1798 et
2379 1740 2660 1799 Aeneam

568 1843 638 1900 in
702 1856 891 1897 vnum
961 1837 1351 1894 conueniunt
1424 1833 1728 1896 fortisfimi
1795 1857 1872 1898 ex
1927 1839 2239 1902 Troianis.
2366 1840 2665 1902 Certatur

572 1943 871 2001 acerrime
933 1938 1012 1997 de
1074 1934 1359 1997 Alcathoi
1413 1955 1682 2017 corpore
1740 1937 2116 2000 abducendo
2195 1956 2262 2002 et
2331 1938 2665 2023 spoliando
2727 1956 2732 1960 ’

569 2048 700 2124 496
741 2039 826 2121 sq.
898 2038 981 2100 ad
1028 2041 1174 2119 675.
1241 2038 1754 2125 congrediuntur
1829 2042 2204 2104 Idomeneus
2275 2059 2340 2106 et
2392 2046 2661 2121 Aeneas,

575 2144 929 2206 caeduntur
987 2143 1353 2203 Oenomaus
1404 2145 1532 2206 506
1589 2177 1674 2190 ——
1731 2141 2104 2225 Ascalaphus
2154 2149 2282 2210 518
2339 2162 2439 2218 et,
2486 2169 2665 2213 nona

573 2248 759 2328 super
827 2244 1008 2306 huius
1082 2250 1317 2304 exuuiis
1389 2266 1603 2329 pugna
1675 2265 1924 2320 exorta,
2002 2246 2332 2330 Aphareus
2388 2254 2510 2330 541
2573 2287 2664 2302 —-

574 2350 810 2412 Thoon
858 2353 984 2428 545
1026 2383 1109 2394 —
1153 2350 1421 2410 Adamas
1477 2350 1602 2411 560
1653 2386 1730 2396 —
1804 2352 2116 2435 Deipyrus
2177 2355 2305 2430 576
2368 2387 2452 2402 -.
2511 2354 2665 2416 Dei.

573 2453 825 2536 phobus
881 2473 916 2513 a
979 2453 1266 2513 Merione
1326 2449 1686 2512 vulneratus
1724 2474 1939 2539 pugna
1979 2455 2226 2531 excedit
2268 2458 2664 2539 526-539,

576 2538 860 2618 Helenus
920 2555 1282 2615 vulneratur
1324 2575 1359 2615 a
1414 2554 1715 2616 Menelao
1761 2562 1880 2620 581
1907 2593 1978 2604 -—
2006 2559 2153 2620 600.
2209 2578 2332 2620 nec
2385 2578 2521 2621 non
2563 2558 2667 2622 Pi.

576 2660 802 2722 sandei·
845 2675 909 2721 et
951 2659 1296 2739 Harpalion
1337 2660 1719 2737 Gor—659.
1803 2656 2141 2723 Euchenor
2186 2680 2222 2721 a
2262 2662 2486 2725 Paride
2534 2666 2668 2728 660

578 2766 828 2843 -675,
958 2764 1192 2823 Hector
1242 2767 1494 2845 ignarus
1553 2761 1709 2842 quid
1764 2765 1828 2824 in
1874 2760 2112 2825 sinistro
2152 2772 2414 2851 nauium
2458 2788 2668 2830 cornu

579 2882 903 2950 ageretur,
948 2869 1190 2926 interea
1230 2871 1455 2925 acriter
1498 2880 1775 2948 pugnat3
1811 2886 1947 2928 non
1987 2871 2191 2926 minus
2233 2869 2478 2929 fortiter
2521 2867 2668 2933 refi-

575 2968 745 3032 I'tunt
784 2972 1033 3040 Aiacem
1093 2974 1277 3030 etiam
1320 2971 1389 3027 in
1429 2986 1510 3027 eo
1554 2987 1654 3027 res
1706 2984 1876 3042 erat,
1928 2983 1998 3029 vt
2046 2970 2307 3032 Hectori
2365 2969 2513 3033 ess‘et
2566 2960 2675 3036 ce-⁸

579 3074 902 3135 dendum:
946 3086 1194 3152 —724
1239 3052 1381 3132 cum
1422 3069 1890 3154 Polydamantis
1934 3068 2190 3134 consilio
2234 3072 2587 3139 fortiffimos
2627 3099 2674 3141 ο

575 3179 868 3238 Troianis
922 3174 1004 3237 ad
1063 3173 1121 3236 se
1174 3171 1450 3252 arceffit;
1518 3172 1881 3260 conglobati
1936 3172 2211 3236 Achiuos
2287 3178 2671 3242 adoriuntur

574 3281 840 3343 Troiani
879 3281 1125 3344 -808.
1197 3298 1321 3340 nec
1379 3292 1593 3355 tamen
1647 3278 1750 3340 vel
1775 3314 1782 3323 ·
1806 3276 1891 3343 fic
1947 3280 2166 3341 Aiaces
2222 3279 2370 3343 Ioco
2427 3283 2672 3347 cedunt

571 3416 659 3434 -—
688 3383 770 3444 ad
805 3382 850 3446 f.

745 3553 1222 3617 Attendendnm
1282 3550 1370 3615 est
1423 3558 1495 3615 in
1547 3569 1688 3617 toto
1742 3551 1907 3616 libro
1965 3553 2049 3616 ad
2090 3552 2271 3617 fitum
2324 3554 2672 3619 castrorum

556 3671 641 3727 2et
682 3665 945 3718 nauium
998 3656 1399 3730 Achiuorum,
1441 3679 1627 3740 quem
1671 3674 1860 3739 poeta
1905 3655 2142 3742 vbique
2185 3680 2223 3720 a
2259 3675 2438 3741 parte
2484 3660 2671 3723 Achi-

573 3780 798 3819 vorum
845 3760 1075 3843 declar?
1093 3783 1162 3827 re
1210 3763 1482 3825 videtur,
1607 3763 1869 3824 Troiani
1915 3766 1984 3822 in
2026 3759 2219 3824 castra
2268 3767 2583 3826 irruerant
2619 3787 2668 3829 a

569 3861 751 3924 laeua
802 3880 1017 3946 parte,
1058 3885 1189 3927 non
1228 3862 1319 3926 sui
1360 3869 1664 3950 agminis,
1704 3862 1806 3927 sed
1866 3864 2285 3936 Achiuorum:
2345 3887 2491 3928 nam
2549 3865 2669 3949 ipsi

570 3966 792 4028 dextro
835 3965 945 4029 suo
992 3989 1193 4030 cornu
1239 3970 1486 4030 laeuam
1529 3967 1864 4031 castrorum
1913 3985 2154 4051 partem
2198 3970 2406 4031 adorti
2461 3986 2664 4033 erant.

568 4070 731 4131 Cum
773 4070 1129 4154 irrupissent
1168 4072 1469 4145 Troiani,
1527 4072 1810 4155 pluribus
1863 4072 2017 4134 locis
2075 4091 2429 4157 pugnatun-3
2492 4095 2667 4135 acer.

563 4176 724 4237 rime
756 4190 1034 4252 samen,
1076 4197 1207 4262 qua
1258 4178 1512 4262 Hector,
1549 4170 1925 4265 incedebat,
1973 4185 2080 4246 cui
2137 4180 2360 4246 Aiaces
2406 4175 2661 4242 obstite-
