2925 4884
425 217 711 292 Attev
737 216 1238 289 MENTVM
1296 216 1997 313 LIBR.XX1(<1›)
2151 223 2293 309 451

260 406 316 463 in
354 403 685 488 Lycaonem
726 403 961 465 Priami
1001 402 1047 464 f.
1098 424 1291 487 quem
1333 400 1676 485 supplicem
1718 403 1955 480 factum
2002 409 2206 472 caedit
2241 427 2308 475 et

257 510 313 566 in
375 527 601 567 emnem
686 511 942 587 proiicit
981 541 1067 554 —
1102 510 1242 573 135.
1349 507 1639 569 Irascitur
1697 507 1992 572 Xanthus
2040 548 2126 562 —-
2165 518 2306 581 138.

256 609 446 669 Caedit
500 607 766 671 Achilles
828 629 1021 691 porro
1066 607 1519 692 Asteropaeum
1561 620 1800 691 -204
1857 628 1922 673 et
1971 615 2121 676 facit
2158 615 2306 681 firn-

252 731 371 795 gem
416 712 765 787 Paeonum,
810 733 969 796 quos
1016 708 1127 776 ifle
1175 712 1464 774 duxerat:
1518 736 1764 776 -ato.
1837 716 2129 778 Xanthus
2177 723 2305 783 fru-

249 811 345 876 stra
382 819 694 896 increpato
738 812 1015 888 Achille,
1058 831 1121 876 et
1159 816 1486 898 Apolline,
1533 831 1602 876 vt
1644 817 1932 879 Troianis
1972 842 2158 903 opem
2209 824 2302 887 fe·

244 932 357 990 rat,
395 925 667 993 monito,
716 922 843 977 vim
890 933 1096 999 parat,
1150 935 1215 981 et
1256 918 1559 981 Achillem
1603 923 1675 981 in
1720 919 1971 983 alueum
2016 923 2302 989 dcfilien·

248 1033 354 1078 tem
390 1020 670 1082 fluctibus
722 1019 1001 1082 collectis
1070 1015 1406 1103 opprimit,
1450 1025 1676 1101 —245
1744 1023 2042 1107 egressum
2112 1050 2299 1096 amne

244 1120 605 1208 persequitur
643 1124 993 1208 fugientem
1038 1146 1295 1205 campos
1342 1123 1658 1186 inundans
1715 1148 1967 1202 -271.
2055 1130 2300 1192 Perter-

246 1228 404 1285 fitum
462 1226 768 1288 Achillem
833 1243 899 1288 et
942 1224 1053 1289 fibi
1097 1232 1420 1290 timentem
1466 1226 1802 1289 obfirmant
1849 1230 2184 1311 Neptunus
2235 1251 2300 1296 et

242 1327 455 1390 Athene
498 1350 752 1410 ——297.
839 1326 1118 1391 Assumto
1181 1331 1505 1392 Simoente
1556 1329 1844 1392 Xanthus
1887 1335 2155 1397 inundat
2199 1353 2297 1400 to·

244 1445 356 1492 turn
413 1454 704 1516 campum
755 1435 1021 1516 —527.
1145 1433 1385 1496 Achille
1447 1431 1776 1495 nouiffima
1830 1438 1953 1494 iam
2015 1442 2295 1514 timente,

242 1534 527 1598 Vulcanus
586 1558 628 1598 a
690 1536 940 1597 Iunone
995 1552 1297 1597 euocatus
1360 1541 1492 1623 igni
1542 1537 1762 1597 domat
1806 1538 2166 1614 Xanthum,
2209 1541 2299 1603 al-

242 1659 399 1700 veum
437 1637 731 1709 exstarent,
778 1638 986 1699 donec
1033 1638 1199 1700 Iuno
1246 1657 1496 1704 exorata
1541 1640 1892 1701 Vulcanum
1941 1641 2169 1705 cessare
2201 1649 2297 1706 iu-

88 1723 89 1816 }
174 1735 185 1744 ’
238 1740 327 1803 bet
362 1746 602 1822 -384
690 1745 1052 1825 Sequuntur
1110 1741 1377 1804 deorum
1432 1741 1812 1828 singulorum
1863 1748 2028 1807 inter
2070 1745 2131 1808 se
2170 1769 2299 1809 cer.

240 1850 466 1908 tamine:
517 1849 741 1937 Martis
779 1866 922 1906 cum
976 1846 1291 1910 Minerua.
1420 1848 1690 1907 Martem
1753 1852 1980 1908 victum
2039 1849 2300 1912 abducit:

238 1947 455 2010 Venus:
499 1958 758 2030 ——417.
800 1968 972 2021 eam,
1026 1946 1276 2010 Iunone
1330 1946 1658 2024 hortante,
1715 1950 1938 2010 adorta
2002 1954 2296 2016 Minerua

218 2050 540 2132 ‚prosternit
583 2055 835 2132 -454,
876 2087 885 2096 -
921 2049 1152 2133 Apollo
1193 2066 1258 2112 et
1311 2053 1646 2132 Neptunus
1706 2050 2009 2134 congressi
2063 2063 2293 2117 mutuis

234 2151 287 2213 se
354 2152 740 2217 sermonibus
822 2152 1137 2215 dehortati
1229 2175 1264 2214 a
1336 2176 1548 2238 pugna
1638 2154 1966 2216 discedunt
2019 2192 2105 2205 —
2138 2165 2292 2240 4⁸9·

233 2255 510 2334 Dianam,
559 2259 715 2318 dum
757 2257 1116 2338 Apollinem
1165 2262 1486 2337 increpat.
1541 2260 1700 2319 Iuno
1760 2275 2068 2340 arreptam
2143 2261 2297 2340 plia-

233 2377 377 2422 retra
436 2364 513 2424 de
577 2359 852 2422 humeris
915 2361 1191 2422 detracta
1263 2362 1549 2422 verberat
1597 2396 1676 2407 --
1713 2367 1860 2442 496.
1991 2366 2293 2426 Latonam

227 2464 547 2528 Mercurius
600 2471 865 2540 veritus,
935 2486 1069 2526 non
1113 2464 1302 2525 audet
1354 2486 1576 2528 manus
1635 2486 1772 2525 cum
1840 2487 1914 2525 ea
1972 2469 2297 2542 conserere

226 2573 447 2633 —513.
535 2569 743 2630 Finita
800 2573 887 2629 ita
955 2568 1221 2629 deorum
1286 2590 1500 2653 pugna
1553 2573 1742 2629 ceteri
1805 2569 1887 2628 ad
1947 2569 2296 2652 Olympum

226 2671 503 2745 redeunt,
566 2670 801 2752 Apollo
858 2671 1047 2732 Jlium
1108 2668 1167 2731 se
1214 2676 1472 2752 recipit,
1532 2687 1596 2733 vt
1657 2671 1870 2732 vrbem
1922 2686 2173 2731 tueatur
2210 2708 2298 2722 .-

226 2774 354 2855 519.
436 2777 724 2836 Priamus
772 2790 1024 2855 portam
1074 2757 1238 2837 vrbis
1280 2772 1548 2836 reserare
1589 2773 1803 2846 iubet,
1861 2789 1928 2834 vt
1988 2774 2294 2858 fugientes

224 2874 465 2939 Troiani
528 2883 697 2939 intra
753 2899 964 2939 muros
1030 2876 1091 2939 fe
1138 2884 1423 2959 recipere
1469 2875 1700 2959 poffint
1744 2874 1986 2938 Achille
2033 2900 2070 2939 a
2113 2895 2295 2961 tergo

223 2978 466 3043 instante
505 3016 595 3028 —
624 2984 776 3062 543.
898 2985 1145 3045 Auertit
1202 3002 1347 3043 eum
1401 2980 1637 3061 Apollo
1702 2977 1963 3041 immiss‘o
2023 2986 2092 3041 in
2148 3002 2294 3043 eum

220 3085 537 3167 Agenore,
591 3087 928 3147 Antenoris
967 3083 1132 3162 fili03
1211 3090 1323 3168 qui
1368 3084 1565 3145 multe
1608 3082 1780 3165 apud
1822 3081 1882 3142 se
1930 3105 2073 3144 cum
2113 3106 2297 3165 repu-

221 3186 417 3265 tass'et,
475 3186 708 3250 Achilli
774 3185 835 3249 se
891 3186 1168 3249 obiicere
1220 3185 1534 3248 constituit
1582 3221 1645 3233 —
1679 3193 1828 3258 570.
1883 3183 2054 3248 hassa
2107 3188 2301 3248 incas-

216 3287 333 3351 sum
398 3296 469 3353 in
523 3290 775 3353 Achillis
845 3311 1096 3352 ocream
1141 3288 1386 3362 emilia,
1431 3311 1515 3351 ne
1563 3287 1643 3351 ab
1688 3288 1930 3358 Achille
1973 3290 2302 3353 interficia-

218 3406 338 3468 tur,
390 3393 471 3456 ab
517 3394 815 3474 Apolline
872 3409 1124 3474 ereptus
1188 3391 1466 3455 seruatur
1498 3396 1744 3473 —598.
1875 3393 2108 3473 Apollo
2161 3400 2293 3457 eius

215 3493 472 3574 speciem
515 3504 814 3557 mentitus
858 3496 1222 3558 recedendo
1265 3518 1300 3558 a
1351 3517 1570 3580 pugna
1616 3493 1920 3557 Achillem
1967 3501 2037 3556 in
2084 3498 2296 3558 diuer-

210 3594 295 3658 sas
333 3615 547 3681 partes
588 3597 871 3675 seuocat,
913 3615 982 3661 vt
1020 3604 1264 3663 interea
1307 3601 1572 3662 Troiani
1610 3599 1920 3684 fugientes
1968 3603 2038 3661 in
2071 3599 2292 3662 vrbem

209 3697 265 3762 se
306 3707 656 3785 recipiant:
718 3701 802 3763 ad
846 3701 893 3763 f.
934 3723 941 3730 ·

258 3933 263 3934 γ
369 3854 453 3917 In
508 3851 635 3915 hoc
685 3852 847 3915 libro
908 3852 997 3915 ‹lii
1041 3874 1179 3916 non
1229 3851 1290 3917 se
1341 3859 1410 3915 in
1473 3853 1723 3914 tuendis
1773 3856 1882 3928 iis,
1928 3848 2153 3934 quibus
2204 3852 2292 3912 sa-

211 3972 388 4033 vent,
433 3962 803 4030 continent,
846 3954 954 4017 sed
1010 3955 1127 4039 ipfi
1184 3979 1461 4043 pugnem
1513 3963 1681 4017 inter
1724 3954 1781 4018 se
1825 3955 2034 4016 facere
2071 3953 2292 4014 consti·

213 4073 427 4123 tuunt:
491 4063 676 4122 motis
734 4063 1046 4141 principio
1101 4076 1164 4121 et
1207 4057 1519 4122 conuersis
1569 4080 1602 4119 a
1650 4056 2037 4120 Scamandro
2084 4053 2287 4117 fluuio

216 4169 383 4244 aquis
475 4168 548 4227 in
608 4161 916 4262 Achillem
992 4162 1311 4226 caesorum
1384 4161 1796 4228 cadaueribus
1870 4158 2124 4221 alueum
2182 4158 2294 4221 ob-
