2925 4884
770 225 1038 297 LIB.
1131 224 1406 316 XVII,
1493 222 1631 320 (P)
2094 215 2252 299 253

181 419 352 493 lone,
393 437 594 501 equos
635 418 973 493 incitante,
1014 418 1242 475 iterum
1301 416 1367 473 in
1411 408 1725 493 praelium
1768 407 1955 476 redit.
1997 415 2248 491 -458.

182 541 236 585 οι
281 502 716 584 Alcimedofite
778 538 1030 581 currum
1090 515 1512 579 conscendere
1570 512 1725 577 iuss'o
1746 559 1768 593 ,
1832 520 1903 577 in
1959 536 2247 601 pugnam

177 626 408 709 proditg
448 627 703 705 —483.
756 644 884 705 qua
922 639 994 683 re
1038 618 1468 683 animaduersa
1523 621 1765 680 Hector
1824 620 1909 681 ad
1948 641 2148 701 equos
2176 629 2247 682 in

175 727 527 812 potestatem
596 726 979 812 redigendos
1065 730 1414 806 procurrit,
1508 722 1809 784 adiuncto
1886 727 2100 785 Aenea
2179 738 2247 787 et

179 831 331 903 diis:
415 848 642 894 contra
705 828 1122 894 Automedon
1176 832 1393 890 Aiaces
1449 840 1515 888 et
1564 826 1930 888 Menelaum
2008 826 2245 889 auxilio

176 951 372 1009 vocatg
423 939 689 998 Aretum
733 931 907 996 hasta
949 935 1211 1010 traiicit‚
1249 928 1380 1012 ipse
1425 931 1710 991 Hectoris
1756 928 1989 992 hastam
2024 936 2243 1010 euitat,

176 1047 276 1123 qui
320 1037 804 1101 aduentantibus
846 1034 1178 1110 Aiacibus,
1224 1054 1368 1096 cum
1412 1035 1629 1095 Aenea
1676 1049 1742 1094 et
1782 1031 2119 1108 Chromio‚
2153 1055 2247 1095 re-

157 1124 362 1217 cedit,
402 1141 936 1225 spoliandumque
973 1142 1234 1203 Aretum
1273 1137 1579 1219 relinquit
1604 1140 1853 1216 -542.
1900 1158 2031 1220 quo
2070 1139 2243 1200 facto

179 1244 379 1310 Achiui
418 1250 578 1306 vires
622 1249 972 1325 recipiunt:
1034 1243 1363 1315 Minerua,
1417 1239 1748 1301 Phoenicis
1795 1240 2021 1301 faciem
2073 1261 2251 1304 men-

181 1352 316 1424 tita,
356 1353 600 1410 animos
650 1348 963 1420 addente;
1006 1346 1261 1425 —573.
1335 1359 1398 1405 at
1448 1343 1530 1405 de
1570 1342 1749 1406 caeso
1789 1345 2075 1406 Troiano
2128 1347 2248 1407 Po-

188 1448 260 1512 de
302 1449 376 1513 ab
415 1452 717 1534 Apolline
776 1448 889 1511 sub
932 1447 1292 1529 Phaenopis
1348 1444 1472 1510 Afii
1516 1448 1722 1510 forma
1763 1448 2002 1509 latente
2040 1454 2250 1509 moni-

186 1568 304 1631 tus,
344 1554 566 1617 dolore
610 1552 958 1616 stimulatus
999 1554 1269 1627 Hector,
1337 1555 1647 1632 impetum
1708 1556 1780 1612 in
1822 1550 2098 1614 Achiuos
2154 1554 2250 1615 fa·-

191 1660 292 1731 cit,
330 1673 421 1733 et,
467 1658 627 1720 Ioue
671 1673 974 1733 tonante,
1018 1655 1234 1740 fugam
1274 1659 1360 1716 iis
1394 1659 1610 1716 iniicit.
1639 1659 1885 1736 -596.
1970 1657 2250 1741 Fugiunt

189 1760 471 1823 vulnerati
509 1759 824 1823 Peneleos
869 1774 934 1820 et
988 1759 1239 1835 Leitus,
1281 1760 1550 1829 Boeoti,
1594 1758 1756 1843 fugit
1793 1756 1969 1822 caeso
2016 1748 2251 1823 Coera-

187 1881 266 1924 no
299 1864 667 1926 Idomeneus
708 1856 773 1925 et
817 1864 1155 1925 Meriones.
1188 1864 1440 1927 —625.
1525 1865 1683 1926 Aiax
1740 1860 1956 1948 fugam
2022 1864 2252 1926 diuini-

190 1980 277 2027 tus
328 1965 650 2030 immiss'am
717 1963 1018 2041 sentiens,
1085 1965 1452 2028 Menelaum
1522 1964 1703 2031 iuhet
1777 1971 2006 2029 circum
2018 1965 2249 2048 spicere

191 2069 603 2147 Antilochum,
660 2087 733 2132 vt
786 2076 1072 2131 mittatur
1123 2068 1207 2131 ad
1244 2075 1544 2131 nuntium
1599 2069 1681 2130 de
1727 2070 1996 2131 Patrocli
2042 2088 2251 2133 morte

192 2171 392 2234 Achilli
435 2174 810 2245 ferendum3
855 2172 1120 2258 caligine
1163 2194 1239 2234 ex
1286 2173 1568 2255 pulueris
1597 2177 1754 2234 moti
1802 2173 1975 2236 nube
2016 2174 2250 2255 dispul-

193 2273 248 2337 sa
292 2277 609 2339 Menelaus
677 2278 759 2338 ad
810 2273 1219 2339 Antilochum
1279 2277 1605 2361 procedit3
1687 2278 2130 2360 mandatisque
2189 2284 2249 2340 ei

197 2376 335 2439 datis
364 2379 442 2441 ad
455 2380 731 2444 Patrocli
763 2401 991 2463 corpus
1027 2385 1612 2462 reuertitur—706.
1654 2381 1957 2443 Menelao
1986 2400 2250 2445 auctore

194 2479 490 2544 confilium
539 2490 822 2566 capitur,
874 2500 939 2544 vt
968 2482 1096 2564 ipse
1141 2501 1201 2544 et
1246 2486 1565 2545 Meriones
1595 2505 1824 2566 corpus
1856 2484 2247 2566 absportent,

193 2587 388 2648 Aiaces
405 2602 617 2649 autem
631 2585 869 2649 hostem
885 2592 1318 2649 imminentem
1338 2602 1628 2650 auertant
1642 2625 1708 2635 -—
1737 2592 1864 2668 ‘7²3
1905 2587 2251 2670 Insequun-

198 2703 287 2749 tur
313 2711 415 2753 eos
454 2690 760 2754 abeuntes
802 2693 1103 2761 Troiani.
1146 2690 1224 2754 ab
1250 2691 1544 2754 Aiacibus
1595 2688 1855 2752 subinde
1890 2689 1950 2751 se
1983 2712 2253 2753 conuer-

198 2792 442 2855 tentibus
481 2793 773 2878 repreffiz
817 2793 888 2857 fit
927 2811 1142 2859 tamen
1189 2796 1342 2882 fuga
1382 2796 1581 2858 foeda
1614 2794 2002 2859 Achiuorum
2048 2829 2135 2843 -—
2167 2796 2211 2856 f.

341 2967 623 3030 Deorum
680 2987 884 3049 opera
911 2971 1009 3039 ,in
1067 2967 1192 3031 hoc
1247 2967 1414 3035 libro
1457 2971 1507 3031 P
1560 2966 1646 3033 est
1690 2983 1940 3031 tannim
1987 2969 2259 3049 episodi-

198 3089 291 3149 αις
336 3090 480 3132 nam
525 3072 869 3133 Hectorem
911 3075 980 3134 in
1022 3070 1463 3157 persequendo
1519 3073 2030 3147 Automedonte,
2095 3078 2259 3134 auri-

196 3193 269 3259 ga
305 3174 602 3251 Patrocli,
645 3191 1067 3258 occupatum,
1126 3177 1281 3239 dum
1327 3184 1571 3240 interea
1616 3175 1998 3258 Euphorbus
2053 3177 2258 3237 caedi.

199 3291 320 3353 tur,
361 3294 620 3342 reuocat
666 3278 903 3361 Apollo
951 3270 1264 3361 75—82.
1318 3281 1700 3366 Achiuisque
1743 3294 1984 3340 metum
2032 3284 2261 3341 incutit

209 3384 331 3448 118.
365 3384 638 3447 Hectore
681 3398 896 3463 erepta
941 3384 1234 3447 Patroclo
1280 3406 1455 3446 arma
1495 3382 1747 3447 Achillis
1788 3383 2117 3459 induente,
2162 3384 2262 3444 lu.

202 3488 346 3564 piter
380 3484 707 3549 instantem
740 3493 871 3549 eius
901 3503 1173 3549 mortem
1214 3492 1556 3564 ominatur,
1605 3485 1993 3569 superiorem
2024 3494 2262 3549 'tamen

204 3607 392 3674 pugna
433 3589 614 3652 huius
658 3590 788 3653 diei
850 3612 997 3654 eum
1057 3586 1200 3653 fore
1249 3596 1568 3674 promittit
1618 3593 2033 3673 198—209.‘
2082 3592 2265 3652 Idem

207 3689 420 3773 Iupiter
472 3691 679 3756 studet
737 3691 991 3757 Achiuis
1045 3714 1280 3778 corpus
1337 3696 1612 3758 Patrocli
1666 3692 1989 3757 tuentibus
2043 3698 2268 3760 268—-

211 3814 336 3875 ²72·
404 3796 790 3861 Cedentibus
844 3799 1139 3862 Troianis
1197 3798 1466 3883 Apollo,
1529 3799 1789 3863 affumta
1845 3796 2049 3880 specie
2101 3799 2268 3859 Peri·

208 3896 463 3981 phantis,
509 3904 703 3989 Epyti
743 3903 788 3968 f.
831 3909 1204 3986 praeconis,
1254 3909 1572 3981 Aeneam,
1625 3919 1692 3966 vt
1752 3907 2050 3965 virtutem
2110 3897 2271 3962 exse-

215 4018 334 4076 rat,
382 4003 666 4068 hortatur
716 4010 1104 4088 Sat—334
1174 4009 1419 4092 Iupiter
1470 4026 1683 4072 autem
1732 4024 1930 4091 equos
1970 4004 2267 4065 Patroclo

225 4106 376 4170 caeso
414 4126 762 4174 moerentes
811 4127 876 4173 et
933 4126 1241 4195 tanquam
1302 4110 1539 4177 defixos
1601 4110 1828 4176 stantes
1886 4122 2111 4169 mouet
2129 4151 2145 4174 ‚
2205 4121 2271 4166 vt

227 4208 424 4276 iterum
447 4218 514 4278 in
539 4236 820 4302 pugnam
833 4232 1241 4281 reuertentur
1268 4227 1388 4300 441
1410 4252 1495 4285 .·-
1514 4221 1662 4293 456.
1706 4234 1858 4277 mox
1892 4211 2070 4275 idem
2096 4202 2270 4276 miffa
