2925 4884
701 191 857 268 368
953 186 1803 268 ARGVMENTVM
1902 190 2113 272 Lm.
2166 193 2368 268 xlx
2412 200 2549 292 (τ)

700 382 869 446 facta
909 376 1191 455 excusat,
1251 395 1499 443 reatum
1557 383 1627 442 in
1671 380 1839 442 Aten
1876 384 2167 454 coniicit,
2219 391 2526 472 promittit
2563 389 2742 451 eadem

703 487 906 560 dona,
947 486 1175 568 quibus
1219 502 1404 547 antea
1449 483 1561 565 (Jl.
1595 487 1690 565 J.)
1734 482 2041 546 Achillem
2084 483 2335 566 placare
2382 488 2641 553 voluerat
2678 527 2745 542 ...-

707 601 852 670 144.
979 592 1199 651 Omnis
1250 609 1469 650 morae
1509 592 1841 670 impatiens
1885 585 2155 650 Achilles
2197 590 2517 655 confestim
2560 603 2619 656 in
2654 617 2746 677 pu-

699 713 892 781 gnam
936 713 1122 756 ruere
1172 692 1452 767 mauult,
1491 693 1739 757 -153.
1814 688 2049 776 Vlyss'es
2108 712 2250 753 non
2288 693 2404 755 nin
2445 696 2581 760 cibo
2627 698 2746 760 sum-

700 813 770 860 to
826 802 1037 876 copias
1088 795 1273 857 educi
1316 793 1490 876 posse
1536 793 1759 864 docet:
1830 798 2069 856 interea
2114 794 2301 858 donis
2350 797 2545 861 allatis
2582 801 2748 882 publi·

701 921 777 963 ce
825 905 989 960 inter
1041 903 1583 986 Agamemnonem
1635 913 1700 960 et
1748 896 2050 959 Achillem
2094 920 2192 960 res
2241 902 2637 984 compofitum
2673 909 2746 972 iri,

696 1007 951 1069 —183.
1024 1002 1438 1085 adstipulatur
1512 1009 1949 1087 Agamemnon
1996 1021 2242 1083 —197.
2313 1025 2499 1089 aegre
2545 1007 2748 1068 affenti·

697 1121 803 1168 tur
853 1104 1153 1179 Achilles,
1200 1121 1264 1167 at
1307 1104 1517 1166 cibum
1554 1104 1791 1168 sumere
1833 1102 2078 1165 recusat
2110 1139 2177 1156 «-
2211 1115 2358 1187 2¹4
2406 1109 2619 1172 refellit
2643 1118 2746 1172 eius

699 1210 867 1271 dicta
917 1208 1148 1295 Vlysses
1191 1212 1440 1289 —257.
1530 1210 1775 1271 Interea
1840 1203 1993 1268 miffi
2054 1206 2330 1270 Nestoris
2372 1210 2475 1271 filii
2521 1210 2749 1275 afferunt

697 1314 907 1388 dona,
958 1315 1037 1375 ab
1087 1318 1556 1399 Agamemnone
1602 1310 1891 1392 promiss'a
1936 1331 2079 1372 cum
2112 1310 2421 1402 Briseidem
2475 1315 2594 1398 ipse
2618 1321 2748 1400 Aga·

693 1438 1000 1478 memnon
1047 1417 1453 1479 iureiurando
1502 1413 1693 1478 fidem
1752 1416 1930 1489 facit,
1980 1420 2280 1477 intactam
2357 1440 2393 1480 a
2452 1419 2512 1479 se
2564 1420 2749 1480 Brisei-

695 1518 844 1581 dem
889 1520 1069 1581 reddi
1113 1525 1359 1585 -263.
1408 1519 1662 1582 Achillis
1711 1517 1872 1581 iussu
1918 1518 2001 1581 ad
2045 1527 2393 1582 tentorium
2445 1523 2609 1585 dona
2637 1523 2750 1584 ab*

691 1639 1028 1707 portantur
1077 1644 1220 1685 cum
1265 1622 1566 1686 Briseide:
1611 1661 1689 1672 -
1715 1631 1859 1689 232.
1917 1643 2085 1708 quae
2130 1624 2464 1706 conspecto
2510 1625 2749 1688 Patrocli

697 1748 973 1808 corpore
1016 1728 1297 1791 lamenta
1345 1744 1566 1792 mouet
1608 1730 1854 1792 -302.
1902 1729 2255 1789 adueniunt
2297 1731 2561 1792 seniores
2598 1729 2751 1793 Achi-

689 1851 951 1905 vorum,
998 1830 1429 1916 Achillemque
1490 1830 1859 1904 hortantur,
1915 1848 1982 1894 vt
2038 1830 2182 1908 cibo
2226 1830 2429 1895 sumto
2477 1840 2639 1920 vires.
2670 1853 2752 1894 ro-

687 1931 913 2005 boret:
967 1951 1030 1995 at
1077 1936 1184 1996 ille
1240 1942 1641 2018 pertinaciter
1703 1933 1760 1997 se
1826 1937 2140 2002 facturum
2186 1953 2408 2022 negat,
2464 1955 2527 1999 et
2570 1945 2631 2000 in
2675 1938 2750 1998 ln-

687 2053 898 2099 menta
956 2038 1035 2099 de
1074 2039 1344 2101 Patrocli
1387 2057 1589 2101 morte
1638 2036 1985 2101 effunditur
2014 2042 2258 2104 -338.
2349 2041 2513 2102 Cum
2559 2060 2751 2101 veren-

685 2140 841 2201 dum
884 2138 1066 2215 esset,
1111 2161 1192 2204 ne
1253 2141 1545 2223 impastus
1608 2148 1676 2203 in
1737 2164 2015 2227 pugnam
2078 2142 2447 2224 proditurus
2505 2144 2748 2206 Achilles

683 2245 917 2305 viribus
969 2242 1247 2319 desciat,
1294 2245 1461 2305 milla
1507 2269 1544 2308 a
1589 2246 1744 2309 Ioue
1782 2248 2074 2307 Minerua
2133 2262 2355 2309 nectar
2406 2264 2471 2310 et
2526 2247 2751 2310 embro-

678 2345 829 2410 fiam
880 2353 936 2408 ei
977 2346 1227 2409 insttllat
1266 2352 1512 2415 —556·

852 2451 1103 2513 Interea
1149 2472 1420 2534 corpore
1466 2466 1689 2515 curato
1749 2450 2071 2534 prodeunt
2133 2456 2383 2536 agmina
2424 2456 2495 2513 in
2539 2456 2750 2521 aciem·

681 2552 812 2637 ipse
859 2553 1127 2616 Achilles
1163 2551 1231 2618 ‘se
1278 2572 1513 2629 armat;
1557 2574 1755 2637 equos
1800 2559 2046 2615 iunctos
2092 2553 2316 2617 affatus
2356 2555 2655 2630 hortatur,
2690 2571 2749 2616 vt

676 2663 967 2734 videant,
1016 2677 1098 2719 ne
1143 2656 1253 2719 nifi
1299 2657 1360 2721 se
1404 2656 1572 2720 saluo
1620 2674 1685 2719 et
1723 2658 2030 2719 incolumi
2086 2663 2154 2719 in
2212 2655 2412 2720 castra
2467 2659 2749 2729 redeant:

671 2761 1007 2842 respondet
1052 2763 1211 2824 aiter
1250 2781 1327 2823 ex
1367 2765 1439 2823 iis
1514 2758 1846 2835 Xanthus,
1907 2780 2044 2821 non
2106 2759 2212 2822 sua
2275 2763 2469 2845 culpa
2528 2763 2749 2824 factum

672 2863 829 2941 esse,
873 2881 937 2925 vt
977 2862 1297 2925 Patroclus
1343 2863 1549 2927 caesus
1597 2863 1874 2936 caderetg
1928 2860 2120 2925 ssmile
2168 2880 2386 2927 tamen
2430 2866 2629 2927 fatum
2662 2871 2747 2947 ip.

666 2966 799 3027 sum
851 2966 1153 3028 Achillem
1200 2989 1459 3029 manere
1504 2977 1751 3048 -4ι7.
1802 2966 1977 3048 quod
2020 2965 2290 3029 Achilles
2332 2968 2669 3049 profitetur
2692 2966 2745 3030 se

665 3067 834 3131 haud
879 3091 1133 3145 curare,
1177 3070 1529 3150 dummodo
1571 3073 1883 3131 Troianos
1927 3068 2089 3130 vitus
2128 3071 2334 3132 suerit.
2378 3072 2462 3133 ad
2499 3074 2547 3134 f.

836 3172 1129 3233 Deorum
1167 3176 1561 3235 interuentus
1606 3170 1693 3234 est
1736 3178 1944 3255 primo
1991 3171 2314 3245 Thetidis,
2370 3197 2537 3257 quae
2584 3195 2741 3238 arma

665 3288 996 3355 apportat,
1043 3291 1104 3336 et
1135 3291 1389 3337 nectare
1418 3295 1483 3340 et
1510 3275 1813 3339 ambrosia
1846 3271 2133 3337 instillata
2160 3278 2431 3339 Patrocli
2463 3300 2683 3362 corpus
2714 3299 2747 3340 a

662 3382 1074 3454 corruptione
1114 3375 1316 3439 seruat
1376 3384 1607 3461 1—39
1671 3395 1801 3440 tum
1848 3373 2177 3440 Mineruae
2235 3402 2272 3442 a
2313 3381 2471 3443 Ioue
2524 3380 2739 3454 missae,

656 3494 725 3540 vt
784 3478 1035 3540 Achillis
1091 3499 1346 3541 omnem
1403 3482 1614 3545 cibum
1673 3483 2075 3544 detrectantis
2136 3486 2296 3543 vires
2348 3489 2490 3565 pari
2548 3486 2735 3549 modo

653 3597 909 3644 nectare
961 3599 1025 3643 et
1071 3581 1372 3645 ambrosia
1414 3585 1699 3648 instillata
1745 3600 2009 3646 recreet.
2058 3587 2454 3662 340—356.
2581 3579 2737 3650 Nam

654 3685 1008 3765 episodium
1059 3685 1140 3745 de
1188 3689 1308 3747 Ate
1349 3693 1674 3769 95—133
1717 3711 1751 3752 a
1800 3689 1957 3750 Ioue
2005 3709 2079 3748 ex
2124 3688 2406 3774 Olympo
2451 3693 2737 3756 deturba·

653 3776 720 3851 ta
762 3810 898 3850 non
944 3790 1023 3852 ad
1068 3788 1278 3872 ipsam‘
1310 3798 1625 3855 actionem
1674 3793 1886 3857 Jliadis
1925 3787 2174 3875 spectat.
