2925 4884
726 275 877 374 498
976 265 1812 346 ARGVMENTVM
1855 261 2142 334 LIBR.
2193 259 2424 332 xxu
2466 258 2600 346 (X)

730 460 997 524 cedente
1055 471 1268 518 tamen
1322 457 1585 536 propius
1631 450 1873 515 Achille
1919 447 2326 532 expauescens
2363 451 2424 507 in
2461 443 2655 526 fugam
2691 434 2740 497 se

731 566 1019 634 coniicit,
1074 556 1443 641 insequente
1497 572 1562 616 et
1629 575 1776 617 eum
1836 568 1932 614 ter
1990 552 2072 615 ab
2130 552 2286 616 vrbe
2339 543 2744 611 intercludente

731 666 973 730 Achille
1012 664 1263 725 -165.
1347 660 1505 720 Ioue
1566 658 1849 718 Hectoris
1901 656 2223 717 fortunam
2273 652 2605 724 miserante,
2653 646 2747 705 Mi.

732 789 933 832 nerua
977 763 1330 848 indignata,
1384 763 1570 823 venia
1610 759 1759 821 data
1817 758 2097 844 Olympo
2161 756 2496 831 descendit,
2537 750 2748 825 -1870

733 868 933 936 Cursu
974 865 1357 950 aliquamdiu
1405 867 1776 925 continuato
1840 861 1920 923 ab
1957 864 2267 938 Hectore,
2321 881 2499 946 quem
2558 851 2752 935 Apollo

733 986 1163 1046 recreauerat,
1206 1003 1292 1016 —
1330 987 1450 1046 207
1572 988 1717 1027 cum
1784 969 1916 1026 ianr
1970 981 2194 1048 quarta
2260 969 2394 1024 vice
2448 959 2530 1022 ad
2583 958 2752 1019 sontes

736 1075 1103 1138 Scamandri
1149 1085 1529 1153 peruentum
1571 1066 1752 1146 ess'et,
1809 1068 1947 1128 fatis
1989 1072 2309 1147 vtriusque
2349 1066 2526 1126 lance
2567 1076 2755 1140 expett·

737 1179 810 1243 fis
851 1180 1089 1261 Iupiter
1132 1176 1413 1235 Hectoris
1458 1187 1726 1232 mortem
1786 1167 2001 1243 sciscit,
2057 1169 2289 1251 Apollo
2344 1190 2485 1230 eum
2530 1160 2758 1226 derelin-

740 1289 909 1369 quit,
958 1280 1203 1341 -215.
1287 1277 1582 1337 Minerua
1650 1271 1889 1335 Achille
1946 1278 2103 1334 vires
2156 1273 2449 1357 colligere
2509 1262 2652 1330 iuffo
2693 1295 2760 1310 -·

742 1391 868 1451 225
953 1377 1275 1462 Deiphobi
1327 1376 1594 1459 persona
1650 1373 1848 1438 sumta
1904 1377 2237 1438 Hectorem
2278 1375 2520 1436 inducit
2564 1370 2637 1431 ad
2670 1387 2761 1429 no·

741 1511 886 1552 vam
942 1503 1225 1570 pugnam
1282 1480 1624 1541 ineundam
1702 1494 2004 1560 tanquam
2084 1485 2143 1541 ei
2203 1480 2495 1540 adfutura
2545 1484 2760 1546 -2522

740 1587 1070 1655 Paciscitur
1115 1587 1351 1646 Hector
1393 1582 1474 1644 de
1510 1571 1862 1664 sepultura:
1921 1583 2212 1643 ferociter
2257 1581 2572 1644 abnuente
2601 1574 2763 1639 Achzl.

740 1695 838 1769 le,
887 1711 1133 1771 -272.
1257 1683 1510 1747 Hastam
1574 1690 1641 1745 in
1695 1682 1757 1744 se
1816 1689 2158 1747 coniectum
2204 1691 2401 1746 euitat
2435 1687 2682 1754 Hector,
2718 1693 2767 1736 et

745 1794 916 1858 hasta
980 1789 1274 1853 suaserit
1315 1787 1584 1870 clipeum
1635 1786 1921 1861 Achillis,
1981 1810 2102 1850 nec
2158 1789 2459 1870 perforat.
2577 1783 2768 1847 Reddit

749 1896 975 1963 Achilli
1021 1889 1257 1962 hastam
1306 1891 1630 1965 Minerua,
1673 1908 1734 1952 at
1773 1892 2014 1953 Hector
2056 1889 2116 1952 se'
2156 1883 2402 1952 mfdum
2439 1909 2502 1952 et
2548 1889 2621 1951 ab
2654 1889 2770 1949 Dei·

745 2000 966 2086 phobo
1013 1994 1322 2060 desertum
1360 1997 1580 2055 videns
1623 2009 1688 2055 et
1736 2015 1772 2057 a
1812 1997 2106 2057 Minerua
2159 1994 2221 2055 se
2266 1995 2586 2078 proditum
2627 1990 2772 2072 suspi-

750 2119 923 2166 catus
970 2100 1217 2163 fortiter
1256 2102 1420 2157 mori
1461 2096 1743 2158 decernit
1784 2102 2011 2163 —505
2057 2098 2288 2159 educto
2337 2099 2482 2160 ense
2521 2103 2587 2160 in
2611 2095 2771 2159 Achil-

752 2209 882 2269 lem
921 2202 1242 2286 procedit,
1297 2221 1335 2262 ι
1382 2220 1510 2282 quo
1562 2199 1787 2261 vulnus
1840 2204 1906 2261 in
1958 2218 2212 2286 gutture
2262 2206 2522 2283 accipit,
2576 2198 2774 2263 frutin-

754 2329 882 2393 que
930 2304 1243 2387 sepultura
1282 2319 1574 2375 exorata,
1641 2301 1863 2365 Achilli
1909 2302 2109 2364 fatum
2154 2302 2347 2365 fimile
2406 2305 2775 2367 vlciscentium
2845 2355 2846 2362 ,

755 2413 1020 2482 deorum
1066 2412 1384 2470 ominatur
1424 2409 1660 2469 -560.
1746 2407 1842 2467 Ita
1876 2413 2147 2468 animam
2180 2407 2458 2483 exhelat;
2519 2426 2582 2471 at
2617 2406 2777 2471 Achil·
2845 2419 2846 2424 ’

756 2516 846 2576 les
893 2534 1038 2576 eum
1089 2515 1270 2571 armis
1311 2509 1563 2592 spoliat,
1608 2507 2071 2572 accurrentibus
2125 2501 2378 2571 Achi'nis
2425 2513 2509 2574 ad
2551 2527 2780 2574 contem·

758 2615 1064 2703 plandunt
1105 2609 1339 2675 hostem
1385 2610 1799 2693 prostratum3
1842 2627 1976 2673 tum
2013 2611 2185 2696 quasi
2231 2616 2615 2698 triumphum
2654 2631 2783 2677 actu·

761 2742 900 2794 rus,
938 2717 1189 2801 alligato
1236 2719 1447 2776 currui
1489 2715 1836 2789 cadauere,
1888 2719 1958 2777 in
1998 2713 2187 2777 castra
2232 2716 2397 2779 redit
2429 2721 2669 2801 -405,
2710 2718 2786 2777 In·
2843 2697 2844 2726 ¹

767 2841 939 2885 terea
1013 2818 1278 2881 summus
1335 2821 1405 2878 in
1471 2815 1622 2877 vrbe
1699 2817 1905 2877 luctus
1984 2825 2261 2879 exoritur
2317 2817 2786 2902 prospicientium

768 2927 926 2988 haec
969 2922 1051 2984 de
1109 2940 1326 2991 muro:
1392 2919 1544 2981 inde
1602 2920 1877 2983 lamenta
1930 2922 2160 2982 Priami
2200 2934 2427 3002 —429
2539 2922 2792 2985 Hecubae

767 3029 997 3107 —430
1048 3039 1139 3098 et,
1188 3011 1350 3107 q‘uae
1383 3017 1580 3084 do'tno
1613 3040 1992 3098 accurrerat,
2041 3011 2511 3088 Andromaches
2540 3028 2738 3092 -515
2763 3023 2794 3082 s.

938 3177 1225 3237 Deorum
1263 3170 1666 3235 ministerium
1703 3177 1771 3234 in
1812 3171 1934 3235 hoe
1975 3173 2139 3238 libro
2184 3171 2269 3237 est
2306 3173 2481 3238 haud
2512 3175 2798 3241 obscurum

773 3277 885 3340 sub
946 3273 1274 3340 noutffima
1310 3277 1638 3352 ⁸Hectoris.
1745 3277 1957 3337 Primo
1990 3277 2350 3359 ‘Apollinis,
2410 3286 2529 3361 qui
2589 3278 2802 3341 ass'umta

774 3384 1079 3466 Agenoris
1119 3378 1386 3462 persona
1426 3379 1732 3442 Achillem
1774 3401 1811 3441 a
1847 3379 2222 3465 fugientibus
2252 3381 2551 3466 Troianis
2579 3383 2658 3444 ad
2687 3382 2803 3442 alias

781 3487 985 3567 campi
1036 3499 1244 3565 partes
1305 3481 1674 3546 abduxerat:
1732 3504 1993 3566 7—20.
2089 3481 2257 3545 Tum
2315 3483 2564 3548 Achille
2615 3487 2803 3546 Hecto·

781 3607 917 3648 rem
948 3586 1317 3672 fugientem
1379 3602 1636 3669 vrgente
1687 3585 1928 3668 Iupiter
1983 3589 2147 3647 inter
2203 3588 2356 3649 deos
2418 3588 2502 3650 de
2561 3587 2802 3651 Hectoris

760 3690 915 3752 Isato
958 3685 1294 3765 consulum
1377 3690 1695 3767 Minerua,
1754 3709 1841 3751 ne
1877 3693 1927 3749 is
1972 3687 2111 3751 satis
2157 3691 2542 3766 intercedat,
2587 3683 2804 3758 obtinet,

762 3789 854 3854 'et
902 3791 983 3852 de
1032 3790 1308 3876 Olympo
1336 3788 1647 3875 degress‘a,
1685 3793 2043 3872 166—187
2107 3771 2313 3873 partes
2358 3799 2488 3878 agit
2522 3789 2838 3890 damper-5

763 3891 940 3957 'sona
981 3915 1203 3976 parum
1246 3894 1485 3978 dignas.
1572 3895 1758 3956 Cum
1776 3899 1944 3956 enim
1998 3893 2237 3975 Iupiter
2277 3895 2565 3958 lancibus
2600 3892 2803 3956 sublatis

767 3985 1127 4062 ‘Hectorem
1188 4002 1376 4057 morti
1438 3995 1811 4074 damnasset,
1868 4012 1935 4060 et
1989 3997 2443 4082 Ap0110‚,qui
2503 4005 2636 4062 eius
2683 4000 2804 4056 vira

791 4099 1175 4185 aliquamdiu
1243 4096 1718 4176 sustentauerat,
1797 4121 1944 4163 enm
1999 4091 2538 4176 deseru.i.11‘et,v.⁴
2580 4101 2710 4165 203.
2755 4085 2836 4174 4-

766 4200 986 4274 '21522
1018 4204 1309 4267 Minerua
1385 4202 1684 4269 AchiIlem
1765 4202 2092 4268 confirmat
2165 4208 2322 4269 vires
2400 4205 2836 4289 recipientem}
