2925 4884
669 259 823 339 252
1153 258 2289 338 ARGVMENTVM

673 451 896 517 nelaus
942 447 1223 511 aduocat
1269 451 1527 510 Aiacem
1568 448 1647 511 ad
1692 449 2004 513 tuendum
2053 448 2330 513 Patrocli
2374 469 2636 532 corpus:
2685 465 2739 511 at

673 555 837 618 illud
894 560 1136 614 interea
1190 549 1574 632 spoliauerat
1632 554 1874 614 Hector
1916 569 1981 614 et
2025 576 2250 617 eorum
2302 554 2587 617 aduentu
2616 574 2739 614 cum

675 658 886 739 spoliis
943 657 1028 718 ad
1078 654 1219 717 suos
1275 656 1571 721 redierat.
1616 677 1870 737 —127.
2006 660 2190 720 Stant
2232 657 2461 732 ambo,
2508 661 2657 719 Aiax
2687 671 2740 717 et

673 762 1042 834 Menelaus,
1089 775 1238 820 ante
1283 779 1514 840 corpus
1565 757 1851 830 nudum,
1895 754 2146 843 4—139.
2209 762 2490 822 Glaucus
2534 762 2740 821 Hecto·

675 887 812 927 rem
884 866 1211 948 obiurgat,
1286 862 1467 944 quod
1540 877 1603 922 et
1661 860 2100 943 Sarpedonem
2162 864 2242 926 ab
2286 863 2536 927 Achiuis
2581 862 2741 925 caedi

678 990 756 1031 ac
814 965 1064 1050 spoliari
1115 963 1358 1041 siuerit,
1424 981 1489 1029 et
1543 986 1717 1026 nunc
1775 970 1967 1029 Aiace
2022 972 2317 1030 veniente
2384 990 2424 1031 a
2492 967 2741 1030 Patrocli

675 1094 952 1153 corpore
999 1068 1408 1131 subducendo
1453 1065 1795 1141 recess‘erit3
1876 1070 2267 1151 potiundam
2311 1068 2433 1133 effe
2494 1069 2738 1137 Patrocli

678 1197 987 1259 corpore,
1037 1188 1100 1233 vt
1149 1172 1545 1233 redimantur
1584 1192 1664 1232 eo
1713 1170 1965 1233 reddito
2023 1174 2409 1257 Sarpedonis
2473 1196 2638 1237 arma
2670 1205 2740 1221 -

684 1286 825 1345 168.
891 1280 1161 1354 Hector,
1210 1282 1428 1337 ceteris
1473 1296 1760 1360 pugnare
1808 1273 2005 1351 inuis,
2063 1275 2195 1359 ipse
2274 1299 2451 1340 arma
2492 1277 2737 1353 Achillis,

676 1386 908 1468 quibus
976 1377 1238 1460 spoliato
1303 1378 1583 1440 Patrocli
1649 1399 1920 1460 corpore
1991 1385 2231 1460 potitus
2297 1397 2468 1457 erat}
2532 1383 2735 1455 induit,

677 1493 921 1570 quippe
966 1498 1031 1543 et
1075 1481 1496 1557 validioraket
1535 1498 1839 1543 terrorem
1873 1487 2183 1545 iniectum
2226 1483 2479 1547 Achiuis
2519 1505 2740 1566 —197.
2858 1488 2859 1577 J

677 1590 921 1669 Iupiter
959 1586 1088 1665 ipse
1151 1583 1483 1646 instantem
1541 1589 1600 1646 ei
1656 1601 1923 1646 mortem
1987 1603 2334 1671 auguratur
2385 1591 2739 1670 198—209.

673 1693 904 1756 Redux
943 1694 1012 1748 in
1057 1706 1333 1774 pugnam
1384 1690 1524 1749 Iuos
1561 1686 1882 1764 hortatur,
1924 1689 2241 1770 pollicitus
2272 1692 2589 1755 dimidiam
2620 1714 2739 1774 par·

676 1816 803 1857 tem
852 1812 1172 1855 armorum
1216 1792 1490 1855 Patrocli
1534 1798 1629 1865 ei,
1684 1796 1792 1873 qui
1844 1814 2116 1874 corpore
2166 1801 2407 1874 potitus
2454 1798 2637 1859 fuerit
2670 1830 2737 1843 -

676 1905 826 1965 236.
894 1899 1167 1957 Hectore
1206 1894 1521 1957 Troianos
1581 1895 1855 1957 ducente
1910 1894 2114 1957 versus
2174 1895 2266 1972 se,
2326 1901 2530 1961 Aiacis
2580 1899 2738 1961 Tela·

672 2007 876 2065 monii
916 2004 1166 2061 monitu
1207 1998 1534 2059 Menelaus
1577 1999 1926 2060 vociferans
1980 1999 2258 2061 aduocat
2298 2006 2588 2077 Aiacem,
2644 2004 2739 2064 Oi·

670 2108 759 2186 lei
809 2109 890 2179 h,
935 2103 1388 2175 idomeneum,
1447 2101 1782 2163 Merionen
1831 2125 1977 2165 cum
2023 2102 2156 2165 aliis
2196 2108 2414 2170 —261
2469 2108 2736 2169 Troianis

674 2227 890 2271 tamen
934 2204 1371 2289 ingruentibus
1414 2202 1711 2266 deserunt
1755 2227 1984 2289 corpus
2049 2207 2323 2277 Patrocli
2372 2209 2622 2280 Achiui:
2682 2226 2739 2271 at

670 2320 830 2378 Aiax
874 2318 1102 2371 iterum
1147 2306 1484 2371 conuersus
1533 2313 1844 2389 impeturn
1882 2315 1953 2372 in
1997 2310 2312 2373 Troianos
2359 2333 2588 2397 corpus
2630 2330 2736 2376 tra-

670 2416 894 2480 hentes
958 2413 1143 2489 facit,
1204 2432 1444 2496 eosque
1500 2412 1798 2496 dispergit
1840 2416 2089 2494 -2870
2190 2415 2488 2478 Exoritur
2542 2438 2734 2501 pugna

670 2533 935 2582 cruenta
1001 2520 1164 2579 circa
1225 2515 1499 2577 Patrocli
1564 2535 1830 2596 corpus:
1910 2514 2275 2580 ‘caeduntur
2348 2540 2387 2581 e
2466 2521 2734 2582 Troianis

669 2618 1082 2705 Hippothous
1124 2653 1206 2672 -·
1241 2622 1373 2685 303
1439 2640 1517 2682 ex
1585 2618 1837 2682 Achiuis
1907 2619 2210 2681 Schedius
2272 2656 2359 2670 —
2389 2625 2538 2687 311.
2600 2623 2733 2684 inde

667 2728 960 2813 Phorcyn
989 2722 1342 2807 Hippothoi
1368 2743 1598 2805 corpus
1626 2729 1859 2793 tuitusz
1905 2710 2237 2807 Vtrumque
2266 2722 2541 2807 spoliant
2564 2714 2735 2790 “Achi-

665 2839 734 2896 vi
780 2865 863 2880 -
892 2832 1042 2896 518.
1123 2830 1195 2889 ln
1252 2846 1334 2890 eo
1393 2832 1528 2889 iam
1588 2847 1686 2889 res
1752 2842 1921 2904 erat,
1989 2842 2059 2890 vt
2119 2829 2387 2891 Troiani
2442 2832 2733 2918 fugerent,

666 2956 812 2997 cum
877 2953 1025 2996 ecce
1088 2933 1333 2994 Aeneas
1392 2931 1685 3013 procedit
1752 2929 2015 2994 hortatu
2066 2933 2380 3015 Apollinis
2438 2940 2729 3011 incitatus,

666 3058 905 3120 eosque
954 3042 1180 3097 iterum
1240 3041 1310 3096 in
1363 3034 1603 3097 hostem
1660 3034 1836 3099 ducit
1883 3040 2129 3119 —343.
2186 3038 2516 3123 Pugnatur
2549 3039 2731 3100 multis

668 3163 812 3203 cum
859 3140 1152 3202 caedibus
1199 3140 1446 3205 -365.
1496 3140 1860 3202 Obducitur
1900 3140 2145 3203 caelum
2187 3141 2463 3223 puluere
2508 3143 2613 3206 sub
2634 3164 2732 3225 pu·

664 3249 997 3331 guantium
1067 3239 1334 3325 pedibus
1417 3249 1582 3307 circa
1653 3244 1927 3306 Patrocli
1984 3264 2216 3326 corpus
2288 3261 2435 3309 orto
2502 3249 2729 3326 -377.

661 3346 1116 3432 Thrasymedes
1174 3351 1418 3411 interea
1487 3366 1552 3410 et
1616 3347 2022 3425 Antilochus,
2081 3345 2356 3411 Nestoris
2414 3348 2556 3425 filii,
2624 3347 2731 3410 alia

666 3457 823 3514 aciei
869 3466 1050 3534 parte
1105 3467 1432 3535 pugnant,
1481 3456 1683 3536 ignari
1739 3457 1960 3513 mortis
2024 3453 2301 3515 Patrocli
2343 3456 2588 3519 -385
2649 3451 2732 3512 lta

661 3560 841 3617 omni
881 3568 1064 3635 parte
1111 3552 1435 3639 pugnatur
1478 3560 1735 3631 acriter:
1816 3561 1981 3619 circa
2040 3556 2316 3619 Patrocli
2364 3571 2577 3620 tamen
2615 3573 2732 3617 cor.

605 3740 618 3751 l
657 3680 782 3743 pus
833 3661 1173 3729 acerrime:
1212 3670 1474 3737 —401.
1558 3658 1845 3720 Necdum
1906 3676 2123 3722 tamen
2183 3658 2459 3723 Achilles
2505 3661 2585 3723 de
2634 3660 2729 3719 Pa-

656 3761 846 3826 trocli
896 3777 1103 3823 morte
1149 3759 1486 3823 resciuerat
1537 3796 1619 3809 —-
1648 3772 1725 3840 [μ
1745 3784 1796 3825 1.
1865 3765 2156 3845 [Interea
2199 3784 2422 3849 pugna
2461 3764 2611 3826 nihil
2646 3780 2728 3823 re·

656 3874 888 3945 mittit,
956 3866 1109 3928 dum
1153 3882 1383 3927 mutuo
1430 3863 1493 3928 se
1536 3870 1829 3949 vtrinque
1868 3867 2243 3944 incendunt,
2291 3865 2625 3930 hortantur
2655 3893 2726 3913 -

655 3975 854 4056 425]
901 3968 1313 4036 Automedon
1339 3973 1450 4054 qui
1481 3970 1822 4032 Hectorem
1848 3970 2281 4055 insequentem
2303 3968 2622 4059 effugerat,
2649 3971 2725 4029 vi·

657 4080 770 4141 det
801 4096 1023 4161 equos,
1040 4074 1314 4138 Patrocli
1333 4090 1542 4138 morte
1569 4088 1964 4152 moerentes,
1998 4071 2332 4159 postquam
2363 4073 2723 4160 aliquamdiu

655 4179 1063 4249 constiterant
1077 4222 1111 4271 ,⁴
1158 4200 1311 4270 ‚nec
1371 4181 1532 4246 vltra
1609 4184 1896 4267 citraque
1965 4167 2323 4271 procedere
2395 4179 2718 4253 voluerant,
